[gd_scene load_steps=45 format=2]

[ext_resource path="res://Sprite/Scenario/UpSideDown/cenariosecundario.png" type="Texture" id=1]
[ext_resource path="res://lago.gd" type="Script" id=2]
[ext_resource path="res://Sprite/Scenario/UpSideDown/frame0000.png" type="Texture" id=3]
[ext_resource path="res://Sprite/Scenario/UpSideDown/frame0001.png" type="Texture" id=4]
[ext_resource path="res://Sprite/Scenario/UpSideDown/frame0002.png" type="Texture" id=5]
[ext_resource path="res://Sprite/Scenario/UpSideDown/frame0003.png" type="Texture" id=6]
[ext_resource path="res://Sprite/Scenario/UpSideDown/lagosecundario.png" type="Texture" id=7]
[ext_resource path="res://Sprite/Scenario/UpSideDown/lagoanimado/frame0000.png" type="Texture" id=8]
[ext_resource path="res://Sprite/Scenario/UpSideDown/lagoanimado/frame0001.png" type="Texture" id=9]
[ext_resource path="res://Sprite/Scenario/UpSideDown/lagoanimado/frame0002.png" type="Texture" id=10]
[ext_resource path="res://Sprite/Scenario/UpSideDown/lagoanimado/frame0003.png" type="Texture" id=11]
[ext_resource path="res://Sprite/Scenario/UpSideDown/lagoanimado/frame0004.png" type="Texture" id=12]
[ext_resource path="res://PixelGameFont.ttf" type="DynamicFontData" id=13]
[ext_resource path="res://Scene/Rappy.tscn" type="PackedScene" id=14]
[ext_resource path="res://Scene/mato.gd" type="Script" id=15]
[ext_resource path="res://Sprite/Scenario/UpSideDown/framemato0002.png" type="Texture" id=16]
[ext_resource path="res://Scene/ponte.gd" type="Script" id=17]
[ext_resource path="res://Sprite/Scenario/UpSideDown/pontecenariosecundario.png" type="Texture" id=18]
[ext_resource path="res://Scene/vila.gd" type="Script" id=19]
[ext_resource path="res://Sprite/Scenario/UpSideDown/vilasecundaria.png" type="Texture" id=20]
[ext_resource path="res://Scene/montanha.gd" type="Script" id=21]
[ext_resource path="res://Sprite/Scenario/UpSideDown/montanhasecundaria.png" type="Texture" id=22]
[ext_resource path="res://Scene/parede.gd" type="Script" id=23]
[ext_resource path="res://Scene/Pause.tscn" type="PackedScene" id=24]
[ext_resource path="res://Scene/arvores2.gd" type="Script" id=25]
[ext_resource path="res://Sprite/Scenario/UpSideDown/arvoressecundaria.png" type="Texture" id=26]
[ext_resource path="res://Scene/pescador.gd" type="Script" id=27]
[ext_resource path="res://Sprite/Scenario/cenavila/cena2vila/pescador1.png" type="Texture" id=28]
[ext_resource path="res://Sprite/Scenario/cenavila/cena2vila/pescador2.png" type="Texture" id=29]
[ext_resource path="res://Sprite/Scenario/cenavila/cena2vila/pescador.png" type="Texture" id=30]
[ext_resource path="res://Scene/Area2D2.gd" type="Script" id=31]

[sub_resource type="SpriteFrames" id=1]
animations = [ {
"frames": [ ExtResource( 3 ), ExtResource( 4 ), ExtResource( 5 ), ExtResource( 6 ) ],
"loop": true,
"name": "lago2",
"speed": 3.0
}, {
"frames": [ ExtResource( 7 ), ExtResource( 8 ), ExtResource( 9 ), ExtResource( 10 ), ExtResource( 11 ), ExtResource( 12 ) ],
"loop": true,
"name": "lago",
"speed": 3.0
} ]

[sub_resource type="DynamicFont" id=2]
size = 35
use_mipmaps = true
font_data = ExtResource( 13 )

[sub_resource type="SpriteFrames" id=3]
animations = [ {
"frames": [ ExtResource( 16 ) ],
"loop": true,
"name": "mato",
"speed": 1.0
} ]

[sub_resource type="RectangleShape2D" id=4]
extents = Vector2( 10, 6.24112 )

[sub_resource type="RectangleShape2D" id=5]

[sub_resource type="RectangleShape2D" id=6]
extents = Vector2( 361.549, 60.5107 )

[sub_resource type="DynamicFont" id=7]
size = 40
font_data = ExtResource( 13 )

[sub_resource type="CapsuleShape2D" id=8]
radius = 35.8256
height = 45.5338

[sub_resource type="SpriteFrames" id=9]
animations = [ {
"frames": [ ExtResource( 28 ), ExtResource( 29 ), ExtResource( 30 ) ],
"loop": true,
"name": "pescador",
"speed": 1.0
} ]

[sub_resource type="RectangleShape2D" id=10]
extents = Vector2( 69.3175, 44.3617 )

[sub_resource type="CapsuleShape2D" id=11]
radius = 40.9251
height = 43.5871

[sub_resource type="DynamicFont" id=12]
size = 25
font_data = ExtResource( 13 )

[sub_resource type="DynamicFont" id=13]
size = 25
font_data = ExtResource( 13 )

[node name="Node2D" type="Node2D"]
pause_mode = 2

[node name="ParallaxBackground" type="ParallaxBackground" parent="."]
editor/display_folded = true
scroll_ignore_camera_zoom = true

[node name="cenariosecundario" type="Sprite" parent="ParallaxBackground"]
position = Vector2( 509.347, 297.676 )
scale = Vector2( 0.980356, 1.04001 )
texture = ExtResource( 1 )
__meta__ = {
"_edit_lock_": true
}

[node name="lago" type="StaticBody2D" parent="."]
script = ExtResource( 2 )

[node name="CollisionPolygon2D" type="CollisionPolygon2D" parent="lago"]
polygon = PoolVector2Array( 1021.98, 496.782, 656.987, 470.125, 597.521, 365.547, 665.189, 301.98, 743.109, 293.778, 745.16, 318.384, 876.395, 318.384, 1024.03, 318.384 )

[node name="Area2D" type="Area2D" parent="lago"]

[node name="CollisionPolygon2D" type="CollisionPolygon2D" parent="lago/Area2D"]
polygon = PoolVector2Array( 1024.57, 496.406, 1004.53, 494.736, 941.064, 496.406, 834.173, 491.395, 656.987, 470.125, 597.521, 365.547, 612.039, 292.643, 738.972, 282.622, 884.278, 282.622, 927.703, 282.622, 1024.57, 280.952 )

[node name="lagosecundario" type="AnimatedSprite" parent="lago"]
position = Vector2( 532.589, 307.298 )
scale = Vector2( 0.933544, 1.00984 )
frames = SubResource( 1 )
animation = "lago2"
frame = 2
playing = true
__meta__ = {
"_edit_lock_": true
}

[node name="Label" type="Label" parent="lago"]
margin_left = 654.0
margin_top = 345.0
margin_right = 757.0
margin_bottom = 383.0
custom_fonts/font = SubResource( 2 )
text = "lake"
align = 1
uppercase = true

[node name="Rappy" parent="." instance=ExtResource( 14 )]
position = Vector2( -247.988, -66.0764 )

[node name="mato" type="StaticBody2D" parent="."]
script = ExtResource( 15 )

[node name="CollisionPolygon2D" type="CollisionPolygon2D" parent="mato"]
visible = false
polygon = PoolVector2Array( -3.28918, 283.45, 552.409, 275.248, 620.077, 332.663, 593.42, 367.522, 650.835, 467.999, 806.677, 482.353, 802.575, 515.162, 1021.98, 519.263, 1021.98, 599.234, -5.33972, 603.335 )
disabled = true
__meta__ = {
"_edit_lock_": true
}

[node name="Area2D" type="Area2D" parent="mato"]

[node name="CollisionPolygon2D" type="CollisionPolygon2D" parent="mato/Area2D"]
visible = false
polygon = PoolVector2Array( -7.39044, 253.023, 560.611, 257.124, 620.077, 332.663, 593.42, 367.522, 650.835, 467.999, 806.677, 482.353, 802.575, 515.162, 1018.74, 519.174, 1021.98, 599.234, -5.33972, 603.335 )
__meta__ = {
"_edit_lock_": true
}

[node name="Label" type="Label" parent="mato"]
margin_left = 210.214
margin_top = 481.456
margin_right = 313.214
margin_bottom = 519.456
custom_fonts/font = SubResource( 2 )
text = "bush"
align = 1
uppercase = true

[node name="matosecundario" type="AnimatedSprite" parent="mato"]
position = Vector2( 509.698, 304.449 )
scale = Vector2( 0.988225, 1.02906 )
z_index = -1
frames = SubResource( 3 )
animation = "mato"
playing = true
__meta__ = {
"_edit_lock_": true
}

[node name="ponte" type="StaticBody2D" parent="."]
script = ExtResource( 17 )

[node name="CollisionPolygon2D" type="CollisionPolygon2D" parent="ponte"]
polygon = PoolVector2Array( 882.547, 303.955, 948.164, 306.005, 995.327, 504.908, 808.727, 511.06 )

[node name="pontecenariosecundario" type="Sprite" parent="ponte"]
position = Vector2( 659.335, 295.163 )
scale = Vector2( 1, 1.12094 )
texture = ExtResource( 18 )

[node name="Area2D" type="Area2D" parent="ponte"]

[node name="CollisionPolygon2D" type="CollisionPolygon2D" parent="ponte/Area2D"]
visible = false
z_index = 2
polygon = PoolVector2Array( 882.547, 303.955, 948.164, 306.005, 995.327, 504.908, 808.727, 511.06 )

[node name="Label" type="Label" parent="ponte"]
margin_left = 835.0
margin_top = 353.0
margin_right = 982.0
margin_bottom = 391.0
custom_fonts/font = SubResource( 2 )
text = "briedge"
align = 1
uppercase = true

[node name="vila" type="StaticBody2D" parent="."]
script = ExtResource( 19 )

[node name="CollisionPolygon2D" type="CollisionPolygon2D" parent="vila"]
visible = false
polygon = PoolVector2Array( 1019.93, 308.388, 956.366, 308.388, 872.294, 308.388, 747.21, 312.489, 808.727, 164.85, 946.113, 164.85, 983.023, 138.193, 1021.98, 132.041 )

[node name="Label" type="Label" parent="vila"]
margin_left = 845.404
margin_top = 176.905
margin_right = 1001.4
margin_bottom = 214.905
custom_fonts/font = SubResource( 2 )
text = "village"
align = 1
uppercase = true

[node name="Area2D" type="Area2D" parent="vila"]

[node name="CollisionPolygon2D" type="CollisionPolygon2D" parent="vila/Area2D"]
visible = false
polygon = PoolVector2Array( 1019.93, 308.388, 956.366, 308.388, 872.294, 308.388, 747.21, 312.489, 808.727, 164.85, 946.113, 164.85, 983.023, 138.193, 1021.98, 132.041 )

[node name="vilasecundaria" type="Sprite" parent="vila"]
position = Vector2( 508.967, 234.827 )
z_index = -1
texture = ExtResource( 20 )

[node name="montanha" type="StaticBody2D" parent="."]
script = ExtResource( 21 )

[node name="CollisionShape2D" type="CollisionShape2D" parent="montanha"]
position = Vector2( 380.807, 89.0099 )
scale = Vector2( 38.566, 14.6716 )
shape = SubResource( 4 )

[node name="montanhasecundaria" type="Sprite" parent="montanha"]
position = Vector2( 511.398, 283.132 )
texture = ExtResource( 22 )

[node name="Area2D" type="Area2D" parent="montanha"]

[node name="CollisionShape2D" type="CollisionShape2D" parent="montanha/Area2D"]
position = Vector2( 384.148, 71.9932 )
scale = Vector2( 38.566, 12.4633 )
shape = SubResource( 4 )

[node name="Label" type="Label" parent="montanha"]
margin_left = 271.351
margin_top = 82.628
margin_right = 485.351
margin_bottom = 120.628
custom_fonts/font = SubResource( 2 )
text = "mountains"
align = 1
uppercase = true

[node name="parede" type="Area2D" parent="."]
script = ExtResource( 23 )

[node name="CollisionShape2D" type="CollisionShape2D" parent="parede"]
position = Vector2( -53.679, 425.494 )
scale = Vector2( 4.32506, 17.9028 )
shape = SubResource( 5 )

[node name="parede3" type="StaticBody2D" parent="."]

[node name="CollisionShape2D" type="CollisionShape2D" parent="parede3"]
position = Vector2( 1068.5, 421.773 )
scale = Vector2( 4.32506, 17.9028 )
shape = SubResource( 5 )

[node name="parede2" type="StaticBody2D" parent="."]

[node name="CollisionShape2D" type="CollisionShape2D" parent="parede2"]
position = Vector2( 512.266, 643.655 )
rotation = 1.57375
scale = Vector2( 4.32506, 51.5793 )
shape = SubResource( 5 )

[node name="Node2D" parent="." instance=ExtResource( 24 )]
pause_mode = 2

[node name="arvores" type="StaticBody2D" parent="."]
pause_mode = 2
editor/display_folded = true
position = Vector2( 380.807, 89.0099 )
script = ExtResource( 25 )

[node name="CollisionShape2D" type="CollisionShape2D" parent="arvores"]
visible = false
position = Vector2( -0.0433092, 8.53784 )
shape = SubResource( 6 )

[node name="arvoressecundaria" type="Sprite" parent="arvores"]
position = Vector2( 97.8615, 213.885 )
scale = Vector2( 0.92683, 1 )
texture = ExtResource( 26 )

[node name="Label" type="Label" parent="arvores"]
visible = false
margin_left = -75.488
margin_top = 106.19
margin_right = 77.512
margin_bottom = 155.19
custom_fonts/font = SubResource( 7 )
text = "trees"
uppercase = true

[node name="Area2D" type="Area2D" parent="arvores"]

[node name="CollisionShape2D" type="CollisionShape2D" parent="arvores/Area2D"]
position = Vector2( -26.7662, 123.78 )
shape = SubResource( 6 )

[node name="pescador" type="StaticBody2D" parent="."]
script = ExtResource( 27 )

[node name="CollisionShape2D" type="CollisionShape2D" parent="pescador"]
position = Vector2( 569.532, 340.717 )
shape = SubResource( 8 )
__meta__ = {
"_edit_lock_": true
}

[node name="AnimatedSprite" type="AnimatedSprite" parent="pescador"]
position = Vector2( 587.904, 225.475 )
frames = SubResource( 9 )
animation = "pescador"
frame = 2
playing = true
__meta__ = {
"_edit_lock_": true
}

[node name="Area2D" type="Area2D" parent="pescador"]

[node name="CollisionShape2D2" type="CollisionShape2D" parent="pescador/Area2D"]
position = Vector2( 913.59, 557.841 )
shape = SubResource( 10 )

[node name="Area2D2" type="Area2D" parent="pescador"]

[node name="CollisionShape2D" type="CollisionShape2D" parent="pescador/Area2D2"]
position = Vector2( 571.202, 344.058 )
shape = SubResource( 11 )

[node name="Label" type="Label" parent="pescador"]
margin_left = 330.267
margin_top = 281.032
margin_right = 538.267
margin_bottom = 398.032
custom_fonts/font = SubResource( 12 )
text = "The gate is locked and the crows took the gate's key"
autowrap = true

[node name="Label2" type="Label" parent="pescador"]
visible = false
margin_left = 441.095
margin_top = 358.744
margin_right = 589.095
margin_bottom = 385.744
custom_fonts/font = SubResource( 13 )
text = "fisherman"
uppercase = true

[node name="Area2D3" type="Area2D" parent="pescador"]
script = ExtResource( 31 )

[node name="CollisionShape2D" type="CollisionShape2D" parent="pescador/Area2D3"]
position = Vector2( 911.08, 557.122 )
rotation = 1.57375
scale = Vector2( 4.32506, 8.91334 )
shape = SubResource( 5 )
[connection signal="mouse_entered" from="lago/Area2D" to="lago" method="_on_Area2D_mouse_entered"]
[connection signal="mouse_exited" from="lago/Area2D" to="lago" method="_on_Area2D_mouse_exited"]
[connection signal="mouse_entered" from="mato/Area2D" to="mato" method="_on_Area2D_mouse_entered"]
[connection signal="mouse_exited" from="mato/Area2D" to="mato" method="_on_Area2D_mouse_exited"]
[connection signal="mouse_entered" from="ponte/Area2D" to="ponte" method="_on_Area2D_mouse_entered"]
[connection signal="mouse_exited" from="ponte/Area2D" to="ponte" method="_on_Area2D_mouse_exited"]
[connection signal="mouse_entered" from="vila/Area2D" to="vila" method="_on_Area2D_mouse_entered"]
[connection signal="mouse_exited" from="vila/Area2D" to="vila" method="_on_Area2D_mouse_exited"]
[connection signal="mouse_entered" from="montanha/Area2D" to="montanha" method="_on_Area2D_mouse_entered"]
[connection signal="mouse_exited" from="montanha/Area2D" to="montanha" method="_on_Area2D_mouse_exited"]
[connection signal="body_entered" from="parede" to="parede" method="_on_parede_body_entered"]
[connection signal="mouse_entered" from="arvores/Area2D" to="arvores" method="_on_Area2D_mouse_entered"]
[connection signal="mouse_exited" from="arvores/Area2D" to="arvores" method="_on_Area2D_mouse_exited"]
[connection signal="body_exited" from="pescador/Area2D" to="pescador" method="_on_Area2D_body_exited"]
[connection signal="mouse_entered" from="pescador/Area2D2" to="pescador" method="_on_Area2D2_mouse_entered"]
[connection signal="mouse_exited" from="pescador/Area2D2" to="pescador" method="_on_Area2D2_mouse_exited"]
[connection signal="body_entered" from="pescador/Area2D3" to="pescador" method="_on_Area2D3_body_entered"]
