[gd_scene load_steps=15 format=2]

[ext_resource path="res://Scene/Cena6.gd" type="Script" id=1]
[ext_resource path="res://Sprite/Scenario/cenavila/cena2vila/portas.png" type="Texture" id=2]
[ext_resource path="res://PixelGameFont.ttf" type="DynamicFontData" id=3]
[ext_resource path="res://Sprite/Scenario/cenavila/boladepapel.png" type="Texture" id=4]
[ext_resource path="res://Scene/Rappy.tscn" type="PackedScene" id=5]
[ext_resource path="res://Scene/Porta.tscn" type="PackedScene" id=6]
[ext_resource path="res://Scene/Pause.tscn" type="PackedScene" id=7]

[sub_resource type="RectangleShape2D" id=1]
extents = Vector2( 211.594, 21.8884 )

[sub_resource type="RectangleShape2D" id=2]
extents = Vector2( 106.109, 10 )

[sub_resource type="RectangleShape2D" id=3]
extents = Vector2( 32.2694, 10 )

[sub_resource type="DynamicFont" id=4]
size = 35
font_data = ExtResource( 3 )

[sub_resource type="CircleShape2D" id=5]
radius = 18.2185

[sub_resource type="DynamicFont" id=6]
size = 20
font_data = ExtResource( 3 )

[sub_resource type="DynamicFont" id=7]
size = 20
font_data = ExtResource( 3 )

[node name="Cena6" type="Node2D"]
pause_mode = 2
script = ExtResource( 1 )
__meta__ = {
"_edit_horizontal_guides_": [  ]
}

[node name="porao" type="StaticBody2D" parent="."]

[node name="portas" type="Sprite" parent="porao"]
position = Vector2( 512.298, 298.704 )
scale = Vector2( 1, 1.02728 )
texture = ExtResource( 2 )

[node name="CollisionShape2D" type="CollisionShape2D" parent="porao"]
position = Vector2( 372.715, 339.311 )
shape = SubResource( 1 )

[node name="CollisionShape2D2" type="CollisionShape2D" parent="porao"]
position = Vector2( 799.93, 344.585 )
shape = SubResource( 2 )

[node name="CollisionShape2D3" type="CollisionShape2D" parent="porao"]
position = Vector2( 15.8228, 348.101 )
shape = SubResource( 3 )

[node name="Area2D" type="Area2D" parent="porao"]

[node name="CollisionPolygon2D" type="CollisionPolygon2D" parent="porao/Area2D"]
visible = false
polygon = PoolVector2Array( 350.483, 357.6, 281.918, 185.566, 290.708, -11.0122, 271.369, -3.97981, 273.127, 171.829, 274.885, 366.977, 2.38193, 369.907, 2.38193, -2.80783, 712.649, -16.2864, 767.15, -16.2864, 1023.83, 0.708344, 1025.59, 362.874, 899.006, 366.391, 874.393, 310.132, 888.458, 234.534, 869.119, 215.195, 835.715, 209.921, 772.424, 49.9348, 770.666, -12.7702, 705.617, -11.0122, 705.617, 359.358 )

[node name="Label" type="Label" parent="porao"]
visible = false
margin_left = 421.941
margin_top = 73.8397
margin_right = 622.941
margin_bottom = 111.84
custom_fonts/font = SubResource( 4 )
text = "basement"
align = 1
valign = 1
uppercase = true

[node name="boladepapel" type="Sprite" parent="."]
position = Vector2( 470.104, 399.794 )
scale = Vector2( 0.0969199, 0.139144 )
texture = ExtResource( 4 )

[node name="papel" type="Area2D" parent="."]

[node name="CollisionShape2D" type="CollisionShape2D" parent="papel"]
position = Vector2( 464.135, 393.812 )
shape = SubResource( 5 )

[node name="Button" type="Button" parent="papel"]
visible = false
margin_left = 392.053
margin_top = 420.183
margin_right = 543.053
margin_bottom = 448.183
custom_fonts/font = SubResource( 6 )
text = "INVESTIGATE"

[node name="Label" type="Label" parent="papel"]
visible = false
margin_left = 425.457
margin_top = 362.166
margin_right = 498.457
margin_bottom = 384.166
custom_fonts/font = SubResource( 7 )
text = "paper"
align = 1
valign = 1
uppercase = true

[node name="lixo" type="Area2D" parent="."]
__meta__ = {
"_edit_lock_": true
}

[node name="CollisionPolygon2D" type="CollisionPolygon2D" parent="lixo"]
polygon = PoolVector2Array( 821.651, 329.471, 869.119, 331.229, 886.7, 227.502, 867.361, 215.195, 835.715, 211.679, 809.344, 220.469, 802.312, 229.26 )

[node name="Rappy" parent="." instance=ExtResource( 5 )]
position = Vector2( -236.709, 12.4829 )
scale = Vector2( 0.698425, 0.850604 )

[node name="porta1" parent="." instance=ExtResource( 6 )]

[node name="porta2" parent="." instance=ExtResource( 6 )]
position = Vector2( 534.458, -3.51617 )

[node name="porta3" parent="." instance=ExtResource( 6 )]
position = Vector2( 861.463, -3.51617 )

[node name="parede" type="StaticBody2D" parent="."]

[node name="CollisionPolygon2D" type="CollisionPolygon2D" parent="parede"]
polygon = PoolVector2Array( -1.13425, 359.009, -18.7151, 357.251, -18.7151, 596.351, 1027.35, 594.593, 1055.48, 599.867, 1051.96, 598.109, 1036.14, 327.364, 1025.59, 589.319, -8.16661, 592.835 )

[node name="Node2D" parent="." instance=ExtResource( 7 )]
pause_mode = 2
[connection signal="mouse_entered" from="porao/Area2D" to="." method="_on_Area2D_mouse_entered"]
[connection signal="mouse_exited" from="porao/Area2D" to="." method="_on_Area2D_mouse_exited"]
[connection signal="body_entered" from="papel" to="." method="_on_papel_body_entered"]
[connection signal="mouse_entered" from="papel" to="." method="_on_papel_mouse_entered"]
[connection signal="mouse_exited" from="papel" to="." method="_on_papel_mouse_exited"]
[connection signal="pressed" from="papel/Button" to="." method="_on_Button_pressed"]
