[gd_scene load_steps=12 format=2]

[ext_resource path="res://Scene/Porta.gd" type="Script" id=1]
[ext_resource path="res://Sprite/Scenario/cenavila/cena2vila/porta1.png" type="Texture" id=2]
[ext_resource path="res://Sprite/Scenario/cenavila/cena2vila/porta2.png" type="Texture" id=3]
[ext_resource path="res://Sprite/Scenario/cenavila/cena2vila/porta3.png" type="Texture" id=4]
[ext_resource path="res://Sprite/Scenario/cenavila/cena2vila/porta4.png" type="Texture" id=5]
[ext_resource path="res://PixelGameFont.ttf" type="DynamicFontData" id=6]

[sub_resource type="SpriteFrames" id=1]
animations = [ {
"frames": [ ExtResource( 2 ), ExtResource( 3 ), ExtResource( 4 ), ExtResource( 3 ), ExtResource( 5 ) ],
"loop": false,
"name": "porta1",
"speed": 5.0
} ]

[sub_resource type="RectangleShape2D" id=2]
extents = Vector2( 51.6084, 46.5016 )

[sub_resource type="RectangleShape2D" id=3]
extents = Vector2( 49.8503, 90.4381 )

[sub_resource type="RectangleShape2D" id=4]
extents = Vector2( 56.8826, 17.9752 )

[sub_resource type="DynamicFont" id=5]
size = 30
font_data = ExtResource( 6 )

[node name="porta1" type="StaticBody2D"]
script = ExtResource( 1 )

[node name="AnimatedSprite" type="AnimatedSprite" parent="."]
position = Vector2( 127.461, 220.64 )
scale = Vector2( 0.510688, 0.578665 )
frames = SubResource( 1 )
animation = "porta1"
__meta__ = {
"_edit_lock_": true
}

[node name="CollisionShape2D" type="CollisionShape2D" parent="."]
position = Vector2( 102.969, 314.698 )
shape = SubResource( 2 )
__meta__ = {
"_edit_lock_": true
}

[node name="porta1" type="Area2D" parent="."]

[node name="CollisionShape2D" type="CollisionShape2D" parent="porta1"]
position = Vector2( 101.969, 274.262 )
shape = SubResource( 3 )
__meta__ = {
"_edit_lock_": true
}

[node name="porta1(2)" type="Area2D" parent="."]

[node name="CollisionShape2D" type="CollisionShape2D" parent="porta1(2)"]
position = Vector2( 105.485, 388.537 )
shape = SubResource( 4 )
__meta__ = {
"_edit_lock_": true
}

[node name="Label" type="Label" parent="."]
visible = false
margin_left = 59.775
margin_top = 149.437
margin_right = 139.775
margin_bottom = 182.437
custom_fonts/font = SubResource( 5 )
text = "door"
align = 1
valign = 1
uppercase = true
__meta__ = {
"_edit_lock_": true
}
[connection signal="mouse_entered" from="porta1" to="." method="_on_porta1_mouse_entered"]
[connection signal="mouse_exited" from="porta1" to="." method="_on_porta1_mouse_exited"]
[connection signal="body_entered" from="porta1(2)" to="." method="_on_porta12_body_entered"]
